%YAML 1.1
%TAG !u! tag:unity3d.com,2011:
--- !u!1 &768046847067698435
GameObject:
  m_ObjectHideFlags: 0
  m_CorrespondingSourceObject: {fileID: 0}
  m_PrefabInstance: {fileID: 0}
  m_PrefabAsset: {fileID: 0}
  serializedVersion: 6
  m_Component:
  - component: {fileID: 2901270428857878407}
  - component: {fileID: 1312867795866221860}
  - component: {fileID: 4811949759660509807}
  - component: {fileID: 1589435069792931838}
  m_Layer: 0
  m_Name: Cube (4)
  m_TagString: Untagged
  m_Icon: {fileID: 0}
  m_NavMeshLayer: 0
  m_StaticEditorFlags: 0
  m_IsActive: 1
--- !u!4 &2901270428857878407
Transform:
  m_ObjectHideFlags: 0
  m_CorrespondingSourceObject: {fileID: 0}
  m_PrefabInstance: {fileID: 0}
  m_PrefabAsset: {fileID: 0}
  m_GameObject: {fileID: 768046847067698435}
  m_LocalRotation: {x: 0, y: 0, z: 0, w: 1}
  m_LocalPosition: {x: 3.49, y: 1.479, z: -5.24}
  m_LocalScale: {x: 7, y: 3, z: 0.2}
  m_Children: []
  m_Father: {fileID: 4117542429509829761}
  m_RootOrder: 6
  m_LocalEulerAnglesHint: {x: 0, y: 0, z: 0}
--- !u!33 &1312867795866221860
MeshFilter:
  m_ObjectHideFlags: 0
  m_CorrespondingSourceObject: {fileID: 0}
  m_PrefabInstance: {fileID: 0}
  m_PrefabAsset: {fileID: 0}
  m_GameObject: {fileID: 768046847067698435}
  m_Mesh: {fileID: 10202, guid: 0000000000000000e000000000000000, type: 0}
--- !u!23 &4811949759660509807
MeshRenderer:
  m_ObjectHideFlags: 0
  m_CorrespondingSourceObject: {fileID: 0}
  m_PrefabInstance: {fileID: 0}
  m_PrefabAsset: {fileID: 0}
  m_GameObject: {fileID: 768046847067698435}
  m_Enabled: 1
  m_CastShadows: 1
  m_ReceiveShadows: 1
  m_DynamicOccludee: 1
  m_MotionVectors: 1
  m_LightProbeUsage: 1
  m_ReflectionProbeUsage: 1
  m_RayTracingMode: 2
  m_RenderingLayerMask: 1
  m_RendererPriority: 0
  m_Materials:
  - {fileID: 10303, guid: 0000000000000000f000000000000000, type: 0}
  m_StaticBatchInfo:
    firstSubMesh: 0
    subMeshCount: 0
  m_StaticBatchRoot: {fileID: 0}
  m_ProbeAnchor: {fileID: 0}
  m_LightProbeVolumeOverride: {fileID: 0}
  m_ScaleInLightmap: 1
  m_ReceiveGI: 1
  m_PreserveUVs: 0
  m_IgnoreNormalsForChartDetection: 0
  m_ImportantGI: 0
  m_StitchLightmapSeams: 1
  m_SelectedEditorRenderState: 3
  m_MinimumChartSize: 4
  m_AutoUVMaxDistance: 0.5
  m_AutoUVMaxAngle: 89
  m_LightmapParameters: {fileID: 0}
  m_SortingLayerID: 0
  m_SortingLayer: 0
  m_SortingOrder: 0
--- !u!65 &1589435069792931838
BoxCollider:
  m_ObjectHideFlags: 0
  m_CorrespondingSourceObject: {fileID: 0}
  m_PrefabInstance: {fileID: 0}
  m_PrefabAsset: {fileID: 0}
  m_GameObject: {fileID: 768046847067698435}
  m_Material: {fileID: 0}
  m_IsTrigger: 0
  m_Enabled: 1
  serializedVersion: 2
  m_Size: {x: 1, y: 1, z: 1}
  m_Center: {x: 0, y: 0, z: 0}
--- !u!1 &2125914960909481643
GameObject:
  m_ObjectHideFlags: 0
  m_CorrespondingSourceObject: {fileID: 0}
  m_PrefabInstance: {fileID: 0}
  m_PrefabAsset: {fileID: 0}
  serializedVersion: 6
  m_Component:
  - component: {fileID: 141338040311903592}
  - component: {fileID: 9057352557907925210}
  - component: {fileID: 7765496759774613261}
  - component: {fileID: 3638822294483106309}
  m_Layer: 0
  m_Name: Cube (1)
  m_TagString: Untagged
  m_Icon: {fileID: 0}
  m_NavMeshLayer: 0
  m_StaticEditorFlags: 0
  m_IsActive: 1
--- !u!4 &141338040311903592
Transform:
  m_ObjectHideFlags: 0
  m_CorrespondingSourceObject: {fileID: 0}
  m_PrefabInstance: {fileID: 0}
  m_PrefabAsset: {fileID: 0}
  m_GameObject: {fileID: 2125914960909481643}
  m_LocalRotation: {x: 0, y: 0, z: 0, w: 1}
  m_LocalPosition: {x: 5.613, y: 1.479, z: 0.963}
  m_LocalScale: {x: 3, y: 3, z: 0.2}
  m_Children: []
  m_Father: {fileID: 4117542429509829761}
  m_RootOrder: 3
  m_LocalEulerAnglesHint: {x: 0, y: 0, z: 0}
--- !u!33 &9057352557907925210
MeshFilter:
  m_ObjectHideFlags: 0
  m_CorrespondingSourceObject: {fileID: 0}
  m_PrefabInstance: {fileID: 0}
  m_PrefabAsset: {fileID: 0}
  m_GameObject: {fileID: 2125914960909481643}
  m_Mesh: {fileID: 10202, guid: 0000000000000000e000000000000000, type: 0}
--- !u!23 &7765496759774613261
MeshRenderer:
  m_ObjectHideFlags: 0
  m_CorrespondingSourceObject: {fileID: 0}
  m_PrefabInstance: {fileID: 0}
  m_PrefabAsset: {fileID: 0}
  m_GameObject: {fileID: 2125914960909481643}
  m_Enabled: 1
  m_CastShadows: 1
  m_ReceiveShadows: 1
  m_DynamicOccludee: 1
  m_MotionVectors: 1
  m_LightProbeUsage: 1
  m_ReflectionProbeUsage: 1
  m_RayTracingMode: 2
  m_RenderingLayerMask: 1
  m_RendererPriority: 0
  m_Materials:
  - {fileID: 2100000, guid: 03f1ed7021269394e872e6c4c3917f07, type: 2}
  m_StaticBatchInfo:
    firstSubMesh: 0
    subMeshCount: 0
  m_StaticBatchRoot: {fileID: 0}
  m_ProbeAnchor: {fileID: 0}
  m_LightProbeVolumeOverride: {fileID: 0}
  m_ScaleInLightmap: 1
  m_ReceiveGI: 1
  m_PreserveUVs: 0
  m_IgnoreNormalsForChartDetection: 0
  m_ImportantGI: 0
  m_StitchLightmapSeams: 1
  m_SelectedEditorRenderState: 3
  m_MinimumChartSize: 4
  m_AutoUVMaxDistance: 0.5
  m_AutoUVMaxAngle: 89
  m_LightmapParameters: {fileID: 0}
  m_SortingLayerID: 0
  m_SortingLayer: 0
  m_SortingOrder: 0
--- !u!65 &3638822294483106309
BoxCollider:
  m_ObjectHideFlags: 0
  m_CorrespondingSourceObject: {fileID: 0}
  m_PrefabInstance: {fileID: 0}
  m_PrefabAsset: {fileID: 0}
  m_GameObject: {fileID: 2125914960909481643}
  m_Material: {fileID: 0}
  m_IsTrigger: 0
  m_Enabled: 1
  serializedVersion: 2
  m_Size: {x: 1, y: 1, z: 1}
  m_Center: {x: 0, y: 0, z: 0}
--- !u!65 &843810653
BoxCollider:
  m_ObjectHideFlags: 0
  m_CorrespondingSourceObject: {fileID: 0}
  m_PrefabInstance: {fileID: 0}
  m_PrefabAsset: {fileID: 0}
  m_GameObject: {fileID: 4116552170425505397}
  m_Material: {fileID: 0}
  m_IsTrigger: 0
  m_Enabled: 1
  serializedVersion: 2
  m_Size: {x: 1.3071117, y: 2.253556, z: 0.17289314}
  m_Center: {x: 0.65355587, y: 1.126778, z: 0.08644657}
--- !u!1 &4117542429509829760
GameObject:
  m_ObjectHideFlags: 0
  m_CorrespondingSourceObject: {fileID: 0}
  m_PrefabInstance: {fileID: 0}
  m_PrefabAsset: {fileID: 0}
  serializedVersion: 6
  m_Component:
  - component: {fileID: 4117542429509829761}
  m_Layer: 0
  m_Name: Walls
  m_TagString: Untagged
  m_Icon: {fileID: 0}
  m_NavMeshLayer: 0
  m_StaticEditorFlags: 0
  m_IsActive: 1
--- !u!4 &4117542429509829761
Transform:
  m_ObjectHideFlags: 0
  m_CorrespondingSourceObject: {fileID: 0}
  m_PrefabInstance: {fileID: 0}
  m_PrefabAsset: {fileID: 0}
  m_GameObject: {fileID: 4117542429509829760}
  m_LocalRotation: {x: 0, y: 0, z: 0, w: 1}
  m_LocalPosition: {x: 0, y: 0, z: 0}
  m_LocalScale: {x: 1, y: 1, z: 1}
  m_Children:
  - {fileID: 4119108817972360585}
  - {fileID: 4121965826681365993}
  - {fileID: 170385699743295768}
  - {fileID: 141338040311903592}
  - {fileID: 8644213066715615918}
  - {fileID: 670843383146695768}
  - {fileID: 2901270428857878407}
  m_Father: {fileID: 4117542429607043680}
  m_RootOrder: 0
  m_LocalEulerAnglesHint: {x: 0, y: 0, z: 0}
--- !u!1 &4117542429607043683
GameObject:
  m_ObjectHideFlags: 0
  m_CorrespondingSourceObject: {fileID: 0}
  m_PrefabInstance: {fileID: 0}
  m_PrefabAsset: {fileID: 0}
  serializedVersion: 6
  m_Component:
  - component: {fileID: 4117542429607043680}
  - component: {fileID: -542852058890556701}
  m_Layer: 0
  m_Name: Room
  m_TagString: Untagged
  m_Icon: {fileID: 0}
  m_NavMeshLayer: 0
  m_StaticEditorFlags: 0
  m_IsActive: 1
--- !u!4 &4117542429607043680
Transform:
  m_ObjectHideFlags: 0
  m_CorrespondingSourceObject: {fileID: 0}
  m_PrefabInstance: {fileID: 0}
  m_PrefabAsset: {fileID: 0}
  m_GameObject: {fileID: 4117542429607043683}
  m_LocalRotation: {x: 0, y: 1, z: 0, w: 0}
  m_LocalPosition: {x: 0, y: 0, z: 24.5}
  m_LocalScale: {x: 2, y: 2, z: 2}
  m_Children:
  - {fileID: 4117542429509829761}
  - {fileID: 8961819972853465428}
  - {fileID: 3772087744357551928}
  m_Father: {fileID: 0}
  m_RootOrder: 0
  m_LocalEulerAnglesHint: {x: 0, y: 180, z: 0}
--- !u!114 &-542852058890556701
MonoBehaviour:
  m_ObjectHideFlags: 0
  m_CorrespondingSourceObject: {fileID: 0}
  m_PrefabInstance: {fileID: 0}
  m_PrefabAsset: {fileID: 0}
  m_GameObject: {fileID: 4117542429607043683}
  m_Enabled: 1
  m_EditorHideFlags: 0
  m_Script: {fileID: 11500000, guid: d41b5479c7a65f8439c5c06b27471f29, type: 3}
  m_Name: 
  m_EditorClassIdentifier: 
  canvasForMaterial: {fileID: 5333843127284822855}
  roomMaterial: {fileID: 0}
  videoClip: {fileID: 0}
  Video: 0
  Image: 0
  defaultMaterial: {fileID: 2100000, guid: 2b597d26fa5dbc84aa725c0e90a041ea, type: 2}
--- !u!328 &1076075212
VideoPlayer:
  m_ObjectHideFlags: 0
  m_CorrespondingSourceObject: {fileID: 0}
  m_PrefabInstance: {fileID: 0}
  m_PrefabAsset: {fileID: 0}
  m_GameObject: {fileID: 5333843127284822855}
  m_Enabled: 1
  m_VideoClip: {fileID: 0}
  m_TargetCameraAlpha: 1
  m_TargetCamera3DLayout: 0
  m_TargetCamera: {fileID: 0}
  m_TargetTexture: {fileID: 0}
  m_TimeReference: 0
  m_TargetMaterialRenderer: {fileID: 0}
  m_TargetMaterialProperty: _MainTex
  m_RenderMode: 3
  m_AspectRatio: 2
  m_DataSource: 0
  m_PlaybackSpeed: 1
  m_AudioOutputMode: 2
  m_TargetAudioSources:
  - {fileID: 0}
  m_DirectAudioVolumes:
  - 1
  m_Url: 
  m_EnabledAudioTracks: 01
  m_DirectAudioMutes: 00
  m_ControlledAudioTrackCount: 1
  m_PlayOnAwake: 1
  m_SkipOnDrop: 1
  m_Looping: 0
  m_WaitForFirstFrame: 1
  m_FrameReadyEventEnabled: 0
--- !u!1 &5697770679693275996
GameObject:
  m_ObjectHideFlags: 0
  m_CorrespondingSourceObject: {fileID: 0}
  m_PrefabInstance: {fileID: 0}
  m_PrefabAsset: {fileID: 0}
  serializedVersion: 6
  m_Component:
  - component: {fileID: 8644213066715615918}
  - component: {fileID: 8068158494329835478}
  - component: {fileID: 1326790994937106208}
  - component: {fileID: 654160670573223778}
  m_Layer: 0
  m_Name: Cube (2)
  m_TagString: Untagged
  m_Icon: {fileID: 0}
  m_NavMeshLayer: 0
  m_StaticEditorFlags: 0
  m_IsActive: 1
--- !u!4 &8644213066715615918
Transform:
  m_ObjectHideFlags: 0
  m_CorrespondingSourceObject: {fileID: 0}
  m_PrefabInstance: {fileID: 0}
  m_PrefabAsset: {fileID: 0}
  m_GameObject: {fileID: 5697770679693275996}
  m_LocalRotation: {x: 0, y: 0.7071068, z: 0, w: 0.7071068}
  m_LocalPosition: {x: -0.03, y: 1.479, z: -2.148}
  m_LocalScale: {x: 6, y: 3, z: 0.2}
  m_Children: []
  m_Father: {fileID: 4117542429509829761}
  m_RootOrder: 4
  m_LocalEulerAnglesHint: {x: 0, y: 90, z: 0}
--- !u!33 &8068158494329835478
MeshFilter:
  m_ObjectHideFlags: 0
  m_CorrespondingSourceObject: {fileID: 0}
  m_PrefabInstance: {fileID: 0}
  m_PrefabAsset: {fileID: 0}
  m_GameObject: {fileID: 5697770679693275996}
  m_Mesh: {fileID: 10202, guid: 0000000000000000e000000000000000, type: 0}
--- !u!23 &1326790994937106208
MeshRenderer:
  m_ObjectHideFlags: 0
  m_CorrespondingSourceObject: {fileID: 0}
  m_PrefabInstance: {fileID: 0}
  m_PrefabAsset: {fileID: 0}
  m_GameObject: {fileID: 5697770679693275996}
  m_Enabled: 1
  m_CastShadows: 1
  m_ReceiveShadows: 1
  m_DynamicOccludee: 1
  m_MotionVectors: 1
  m_LightProbeUsage: 1
  m_ReflectionProbeUsage: 1
  m_RayTracingMode: 2
  m_RenderingLayerMask: 1
  m_RendererPriority: 0
  m_Materials:
  - {fileID: 10303, guid: 0000000000000000f000000000000000, type: 0}
  m_StaticBatchInfo:
    firstSubMesh: 0
    subMeshCount: 0
  m_StaticBatchRoot: {fileID: 0}
  m_ProbeAnchor: {fileID: 0}
  m_LightProbeVolumeOverride: {fileID: 0}
  m_ScaleInLightmap: 1
  m_ReceiveGI: 1
  m_PreserveUVs: 0
  m_IgnoreNormalsForChartDetection: 0
  m_ImportantGI: 0
  m_StitchLightmapSeams: 1
  m_SelectedEditorRenderState: 3
  m_MinimumChartSize: 4
  m_AutoUVMaxDistance: 0.5
  m_AutoUVMaxAngle: 89
  m_LightmapParameters: {fileID: 0}
  m_SortingLayerID: 0
  m_SortingLayer: 0
  m_SortingOrder: 0
--- !u!65 &654160670573223778
BoxCollider:
  m_ObjectHideFlags: 0
  m_CorrespondingSourceObject: {fileID: 0}
  m_PrefabInstance: {fileID: 0}
  m_PrefabAsset: {fileID: 0}
  m_GameObject: {fileID: 5697770679693275996}
  m_Material: {fileID: 0}
  m_IsTrigger: 0
  m_Enabled: 1
  serializedVersion: 2
  m_Size: {x: 1, y: 1, z: 1}
  m_Center: {x: 0, y: 0, z: 0}
--- !u!1 &6421940107914378910
GameObject:
  m_ObjectHideFlags: 0
  m_CorrespondingSourceObject: {fileID: 0}
  m_PrefabInstance: {fileID: 0}
  m_PrefabAsset: {fileID: 0}
  serializedVersion: 6
  m_Component:
  - component: {fileID: 170385699743295768}
  - component: {fileID: 556658858685517103}
  - component: {fileID: 3860930816484978204}
  - component: {fileID: 5815062929438081248}
  m_Layer: 0
  m_Name: Cube
  m_TagString: Untagged
  m_Icon: {fileID: 0}
  m_NavMeshLayer: 0
  m_StaticEditorFlags: 0
  m_IsActive: 1
--- !u!4 &170385699743295768
Transform:
  m_ObjectHideFlags: 0
  m_CorrespondingSourceObject: {fileID: 0}
  m_PrefabInstance: {fileID: 0}
  m_PrefabAsset: {fileID: 0}
  m_GameObject: {fileID: 6421940107914378910}
  m_LocalRotation: {x: 0, y: 0, z: 0, w: 1}
  m_LocalPosition: {x: 1.38, y: 1.479, z: 0.963}
  m_LocalScale: {x: 3, y: 3, z: 0.2}
  m_Children: []
  m_Father: {fileID: 4117542429509829761}
  m_RootOrder: 2
  m_LocalEulerAnglesHint: {x: 0, y: 0, z: 0}
--- !u!33 &556658858685517103
MeshFilter:
  m_ObjectHideFlags: 0
  m_CorrespondingSourceObject: {fileID: 0}
  m_PrefabInstance: {fileID: 0}
  m_PrefabAsset: {fileID: 0}
  m_GameObject: {fileID: 6421940107914378910}
  m_Mesh: {fileID: 10202, guid: 0000000000000000e000000000000000, type: 0}
--- !u!23 &3860930816484978204
MeshRenderer:
  m_ObjectHideFlags: 0
  m_CorrespondingSourceObject: {fileID: 0}
  m_PrefabInstance: {fileID: 0}
  m_PrefabAsset: {fileID: 0}
  m_GameObject: {fileID: 6421940107914378910}
  m_Enabled: 1
  m_CastShadows: 1
  m_ReceiveShadows: 1
  m_DynamicOccludee: 1
  m_MotionVectors: 1
  m_LightProbeUsage: 1
  m_ReflectionProbeUsage: 1
  m_RayTracingMode: 2
  m_RenderingLayerMask: 1
  m_RendererPriority: 0
  m_Materials:
  - {fileID: 2100000, guid: 03f1ed7021269394e872e6c4c3917f07, type: 2}
  m_StaticBatchInfo:
    firstSubMesh: 0
    subMeshCount: 0
  m_StaticBatchRoot: {fileID: 0}
  m_ProbeAnchor: {fileID: 0}
  m_LightProbeVolumeOverride: {fileID: 0}
  m_ScaleInLightmap: 1
  m_ReceiveGI: 1
  m_PreserveUVs: 0
  m_IgnoreNormalsForChartDetection: 0
  m_ImportantGI: 0
  m_StitchLightmapSeams: 1
  m_SelectedEditorRenderState: 3
  m_MinimumChartSize: 4
  m_AutoUVMaxDistance: 0.5
  m_AutoUVMaxAngle: 89
  m_LightmapParameters: {fileID: 0}
  m_SortingLayerID: 0
  m_SortingLayer: 0
  m_SortingOrder: 0
--- !u!65 &5815062929438081248
BoxCollider:
  m_ObjectHideFlags: 0
  m_CorrespondingSourceObject: {fileID: 0}
  m_PrefabInstance: {fileID: 0}
  m_PrefabAsset: {fileID: 0}
  m_GameObject: {fileID: 6421940107914378910}
  m_Material: {fileID: 0}
  m_IsTrigger: 0
  m_Enabled: 1
  serializedVersion: 2
  m_Size: {x: 1, y: 1, z: 1}
  m_Center: {x: 0, y: 0, z: 0}
--- !u!1 &6859833269477121789
GameObject:
  m_ObjectHideFlags: 0
  m_CorrespondingSourceObject: {fileID: 0}
  m_PrefabInstance: {fileID: 0}
  m_PrefabAsset: {fileID: 0}
  serializedVersion: 6
  m_Component:
  - component: {fileID: 670843383146695768}
  - component: {fileID: 8621375443515269046}
  - component: {fileID: 4699596538542937557}
  - component: {fileID: 2757147328187653362}
  m_Layer: 0
  m_Name: Cube (3)
  m_TagString: Untagged
  m_Icon: {fileID: 0}
  m_NavMeshLayer: 0
  m_StaticEditorFlags: 0
  m_IsActive: 1
--- !u!4 &670843383146695768
Transform:
  m_ObjectHideFlags: 0
  m_CorrespondingSourceObject: {fileID: 0}
  m_PrefabInstance: {fileID: 0}
  m_PrefabAsset: {fileID: 0}
  m_GameObject: {fileID: 6859833269477121789}
  m_LocalRotation: {x: 0, y: 0.7071068, z: 0, w: 0.7071068}
  m_LocalPosition: {x: 7.003, y: 1.479, z: -2.14}
  m_LocalScale: {x: 6, y: 3, z: 0.2}
  m_Children: []
  m_Father: {fileID: 4117542429509829761}
  m_RootOrder: 5
  m_LocalEulerAnglesHint: {x: 0, y: 90, z: 0}
--- !u!33 &8621375443515269046
MeshFilter:
  m_ObjectHideFlags: 0
  m_CorrespondingSourceObject: {fileID: 0}
  m_PrefabInstance: {fileID: 0}
  m_PrefabAsset: {fileID: 0}
  m_GameObject: {fileID: 6859833269477121789}
  m_Mesh: {fileID: 10202, guid: 0000000000000000e000000000000000, type: 0}
--- !u!23 &4699596538542937557
MeshRenderer:
  m_ObjectHideFlags: 0
  m_CorrespondingSourceObject: {fileID: 0}
  m_PrefabInstance: {fileID: 0}
  m_PrefabAsset: {fileID: 0}
  m_GameObject: {fileID: 6859833269477121789}
  m_Enabled: 1
  m_CastShadows: 1
  m_ReceiveShadows: 1
  m_DynamicOccludee: 1
  m_MotionVectors: 1
  m_LightProbeUsage: 1
  m_ReflectionProbeUsage: 1
  m_RayTracingMode: 2
  m_RenderingLayerMask: 1
  m_RendererPriority: 0
  m_Materials:
  - {fileID: 10303, guid: 0000000000000000f000000000000000, type: 0}
  m_StaticBatchInfo:
    firstSubMesh: 0
    subMeshCount: 0
  m_StaticBatchRoot: {fileID: 0}
  m_ProbeAnchor: {fileID: 0}
  m_LightProbeVolumeOverride: {fileID: 0}
  m_ScaleInLightmap: 1
  m_ReceiveGI: 1
  m_PreserveUVs: 0
  m_IgnoreNormalsForChartDetection: 0
  m_ImportantGI: 0
  m_StitchLightmapSeams: 1
  m_SelectedEditorRenderState: 3
  m_MinimumChartSize: 4
  m_AutoUVMaxDistance: 0.5
  m_AutoUVMaxAngle: 89
  m_LightmapParameters: {fileID: 0}
  m_SortingLayerID: 0
  m_SortingLayer: 0
  m_SortingOrder: 0
--- !u!65 &2757147328187653362
BoxCollider:
  m_ObjectHideFlags: 0
  m_CorrespondingSourceObject: {fileID: 0}
  m_PrefabInstance: {fileID: 0}
  m_PrefabAsset: {fileID: 0}
  m_GameObject: {fileID: 6859833269477121789}
  m_Material: {fileID: 0}
  m_IsTrigger: 0
  m_Enabled: 1
  serializedVersion: 2
  m_Size: {x: 1, y: 1, z: 1}
  m_Center: {x: 0, y: 0, z: 0}
--- !u!1001 &3772087744357862926
PrefabInstance:
  m_ObjectHideFlags: 0
  serializedVersion: 2
  m_Modification:
    m_TransformParent: {fileID: 4117542429607043680}
    m_Modifications:
    - target: {fileID: 154612, guid: 8babe578a7f87754c94f7ad783c9c5e8, type: 3}
      propertyPath: m_Name
      value: SO_ExitSign
      objectReference: {fileID: 0}
    - target: {fileID: 475446, guid: 8babe578a7f87754c94f7ad783c9c5e8, type: 3}
      propertyPath: m_LocalPosition.x
      value: 3.501194
      objectReference: {fileID: 0}
    - target: {fileID: 475446, guid: 8babe578a7f87754c94f7ad783c9c5e8, type: 3}
      propertyPath: m_LocalPosition.y
      value: 2.14
      objectReference: {fileID: 0}
    - target: {fileID: 475446, guid: 8babe578a7f87754c94f7ad783c9c5e8, type: 3}
      propertyPath: m_LocalPosition.z
      value: 0.998
      objectReference: {fileID: 0}
    - target: {fileID: 475446, guid: 8babe578a7f87754c94f7ad783c9c5e8, type: 3}
      propertyPath: m_LocalRotation.x
      value: -0
      objectReference: {fileID: 0}
    - target: {fileID: 475446, guid: 8babe578a7f87754c94f7ad783c9c5e8, type: 3}
      propertyPath: m_LocalRotation.y
      value: -1
      objectReference: {fileID: 0}
    - target: {fileID: 475446, guid: 8babe578a7f87754c94f7ad783c9c5e8, type: 3}
      propertyPath: m_LocalRotation.z
      value: -0
      objectReference: {fileID: 0}
    - target: {fileID: 475446, guid: 8babe578a7f87754c94f7ad783c9c5e8, type: 3}
      propertyPath: m_LocalRotation.w
      value: 0
      objectReference: {fileID: 0}
    - target: {fileID: 475446, guid: 8babe578a7f87754c94f7ad783c9c5e8, type: 3}
      propertyPath: m_RootOrder
      value: 2
      objectReference: {fileID: 0}
    - target: {fileID: 475446, guid: 8babe578a7f87754c94f7ad783c9c5e8, type: 3}
      propertyPath: m_LocalEulerAnglesHint.x
      value: 0
      objectReference: {fileID: 0}
    - target: {fileID: 475446, guid: 8babe578a7f87754c94f7ad783c9c5e8, type: 3}
      propertyPath: m_LocalEulerAnglesHint.y
      value: 0
      objectReference: {fileID: 0}
    - target: {fileID: 475446, guid: 8babe578a7f87754c94f7ad783c9c5e8, type: 3}
      propertyPath: m_LocalEulerAnglesHint.z
      value: 0
      objectReference: {fileID: 0}
    - target: {fileID: 7643884176890126672, guid: 8babe578a7f87754c94f7ad783c9c5e8,
        type: 3}
      propertyPath: movement
      value: 0
      objectReference: {fileID: 0}
    m_RemovedComponents: []
  m_SourcePrefab: {fileID: 100100000, guid: 8babe578a7f87754c94f7ad783c9c5e8, type: 3}
--- !u!4 &3772087744357551928 stripped
Transform:
  m_CorrespondingSourceObject: {fileID: 475446, guid: 8babe578a7f87754c94f7ad783c9c5e8,
    type: 3}
  m_PrefabInstance: {fileID: 3772087744357862926}
  m_PrefabAsset: {fileID: 0}
--- !u!1001 &4117542429324159566
PrefabInstance:
  m_ObjectHideFlags: 0
  serializedVersion: 2
  m_Modification:
    m_TransformParent: {fileID: 4117542429607043680}
    m_Modifications:
    - target: {fileID: -4216859302048453862, guid: 0ab77030b311fe046bbe7d58cf0cb470,
        type: 3}
      propertyPath: m_LocalPosition.x
      value: 3.5
      objectReference: {fileID: 0}
    - target: {fileID: -4216859302048453862, guid: 0ab77030b311fe046bbe7d58cf0cb470,
        type: 3}
      propertyPath: m_LocalPosition.y
      value: 1
      objectReference: {fileID: 0}
    - target: {fileID: -4216859302048453862, guid: 0ab77030b311fe046bbe7d58cf0cb470,
        type: 3}
      propertyPath: m_LocalPosition.z
      value: -1.8
      objectReference: {fileID: 0}
    - target: {fileID: -4216859302048453862, guid: 0ab77030b311fe046bbe7d58cf0cb470,
        type: 3}
      propertyPath: m_LocalRotation.x
      value: -0.7071068
      objectReference: {fileID: 0}
    - target: {fileID: -4216859302048453862, guid: 0ab77030b311fe046bbe7d58cf0cb470,
        type: 3}
      propertyPath: m_LocalRotation.y
      value: 0
      objectReference: {fileID: 0}
    - target: {fileID: -4216859302048453862, guid: 0ab77030b311fe046bbe7d58cf0cb470,
        type: 3}
      propertyPath: m_LocalRotation.z
      value: 0
      objectReference: {fileID: 0}
    - target: {fileID: -4216859302048453862, guid: 0ab77030b311fe046bbe7d58cf0cb470,
        type: 3}
      propertyPath: m_LocalRotation.w
      value: 0.7071068
      objectReference: {fileID: 0}
    - target: {fileID: -4216859302048453862, guid: 0ab77030b311fe046bbe7d58cf0cb470,
        type: 3}
      propertyPath: m_RootOrder
      value: 1
      objectReference: {fileID: 0}
    - target: {fileID: -4216859302048453862, guid: 0ab77030b311fe046bbe7d58cf0cb470,
        type: 3}
      propertyPath: m_LocalEulerAnglesHint.x
      value: -90
      objectReference: {fileID: 0}
    - target: {fileID: -4216859302048453862, guid: 0ab77030b311fe046bbe7d58cf0cb470,
        type: 3}
      propertyPath: m_LocalEulerAnglesHint.y
      value: 0
      objectReference: {fileID: 0}
    - target: {fileID: -4216859302048453862, guid: 0ab77030b311fe046bbe7d58cf0cb470,
        type: 3}
      propertyPath: m_LocalEulerAnglesHint.z
      value: 0
      objectReference: {fileID: 0}
    - target: {fileID: -4216859302048453862, guid: 0ab77030b311fe046bbe7d58cf0cb470,
        type: 3}
      propertyPath: m_LocalScale.x
      value: -65
      objectReference: {fileID: 0}
    - target: {fileID: -4216859302048453862, guid: 0ab77030b311fe046bbe7d58cf0cb470,
        type: 3}
      propertyPath: m_LocalScale.y
      value: -65
      objectReference: {fileID: 0}
    - target: {fileID: -4216859302048453862, guid: 0ab77030b311fe046bbe7d58cf0cb470,
        type: 3}
      propertyPath: m_LocalScale.z
      value: -65
      objectReference: {fileID: 0}
    - target: {fileID: -1504981713932161579, guid: 0ab77030b311fe046bbe7d58cf0cb470,
        type: 3}
      propertyPath: m_Materials.Array.size
      value: 1
      objectReference: {fileID: 0}
    - target: {fileID: -1504981713932161579, guid: 0ab77030b311fe046bbe7d58cf0cb470,
        type: 3}
      propertyPath: m_Materials.Array.data[0]
      value: 
      objectReference: {fileID: 2100000, guid: 2b597d26fa5dbc84aa725c0e90a041ea, type: 2}
    - target: {fileID: -1504981713932161579, guid: 0ab77030b311fe046bbe7d58cf0cb470,
        type: 3}
      propertyPath: m_Materials.Array.data[1]
      value: 
      objectReference: {fileID: 2100000, guid: 2176ce349f0fec74da690831b5d4a9fb, type: 2}
    - target: {fileID: -1504981713932161579, guid: 0ab77030b311fe046bbe7d58cf0cb470,
        type: 3}
      propertyPath: m_ProbeAnchor
      value: 
      objectReference: {fileID: 0}
    - target: {fileID: -1504981713932161579, guid: 0ab77030b311fe046bbe7d58cf0cb470,
        type: 3}
      propertyPath: m_ReceiveGI
      value: 2
      objectReference: {fileID: 0}
    - target: {fileID: -927199367670048503, guid: 0ab77030b311fe046bbe7d58cf0cb470,
        type: 3}
      propertyPath: m_Name
      value: 360 Sphere
      objectReference: {fileID: 0}
    - target: {fileID: -927199367670048503, guid: 0ab77030b311fe046bbe7d58cf0cb470,
        type: 3}
      propertyPath: m_StaticEditorFlags
      value: 0
      objectReference: {fileID: 0}
    - target: {fileID: -927199367670048503, guid: 0ab77030b311fe046bbe7d58cf0cb470,
        type: 3}
      propertyPath: m_TagString
      value: 360Canvas
      objectReference: {fileID: 0}
    m_RemovedComponents: []
  m_SourcePrefab: {fileID: 100100000, guid: 0ab77030b311fe046bbe7d58cf0cb470, type: 3}
--- !u!1 &5333843127284822855 stripped
GameObject:
  m_CorrespondingSourceObject: {fileID: -927199367670048503, guid: 0ab77030b311fe046bbe7d58cf0cb470,
    type: 3}
  m_PrefabInstance: {fileID: 4117542429324159566}
  m_PrefabAsset: {fileID: 0}
--- !u!4 &8961819972853465428 stripped
Transform:
  m_CorrespondingSourceObject: {fileID: -4216859302048453862, guid: 0ab77030b311fe046bbe7d58cf0cb470,
    type: 3}
  m_PrefabInstance: {fileID: 4117542429324159566}
  m_PrefabAsset: {fileID: 0}
--- !u!1001 &4117542430331318759
PrefabInstance:
  m_ObjectHideFlags: 0
  serializedVersion: 2
  m_Modification:
    m_TransformParent: {fileID: 4117542429509829761}
    m_Modifications:
    - target: {fileID: 1298957744236434, guid: 08359538d5ddc2841a5e2aa95189861b, type: 3}
      propertyPath: m_Name
      value: SM_Buildings_DoorFrame_01
      objectReference: {fileID: 0}
    - target: {fileID: 4064495275394158, guid: 08359538d5ddc2841a5e2aa95189861b, type: 3}
      propertyPath: m_LocalPosition.x
      value: 2.846722
      objectReference: {fileID: 0}
    - target: {fileID: 4064495275394158, guid: 08359538d5ddc2841a5e2aa95189861b, type: 3}
      propertyPath: m_LocalPosition.y
      value: 0.054
      objectReference: {fileID: 0}
    - target: {fileID: 4064495275394158, guid: 08359538d5ddc2841a5e2aa95189861b, type: 3}
      propertyPath: m_LocalPosition.z
      value: 0.996
      objectReference: {fileID: 0}
    - target: {fileID: 4064495275394158, guid: 08359538d5ddc2841a5e2aa95189861b, type: 3}
      propertyPath: m_LocalRotation.x
      value: -0
      objectReference: {fileID: 0}
    - target: {fileID: 4064495275394158, guid: 08359538d5ddc2841a5e2aa95189861b, type: 3}
      propertyPath: m_LocalRotation.y
      value: -0
      objectReference: {fileID: 0}
    - target: {fileID: 4064495275394158, guid: 08359538d5ddc2841a5e2aa95189861b, type: 3}
      propertyPath: m_LocalRotation.z
      value: -0
      objectReference: {fileID: 0}
    - target: {fileID: 4064495275394158, guid: 08359538d5ddc2841a5e2aa95189861b, type: 3}
      propertyPath: m_LocalRotation.w
      value: 1
      objectReference: {fileID: 0}
    - target: {fileID: 4064495275394158, guid: 08359538d5ddc2841a5e2aa95189861b, type: 3}
      propertyPath: m_RootOrder
      value: 0
      objectReference: {fileID: 0}
    - target: {fileID: 4064495275394158, guid: 08359538d5ddc2841a5e2aa95189861b, type: 3}
      propertyPath: m_LocalEulerAnglesHint.x
      value: 0
      objectReference: {fileID: 0}
    - target: {fileID: 4064495275394158, guid: 08359538d5ddc2841a5e2aa95189861b, type: 3}
      propertyPath: m_LocalEulerAnglesHint.y
      value: 0
      objectReference: {fileID: 0}
    - target: {fileID: 4064495275394158, guid: 08359538d5ddc2841a5e2aa95189861b, type: 3}
      propertyPath: m_LocalEulerAnglesHint.z
      value: 0
      objectReference: {fileID: 0}
    - target: {fileID: 4064495275394158, guid: 08359538d5ddc2841a5e2aa95189861b, type: 3}
      propertyPath: m_LocalScale.z
      value: 0.5
      objectReference: {fileID: 0}
    m_RemovedComponents: []
  m_SourcePrefab: {fileID: 100100000, guid: 08359538d5ddc2841a5e2aa95189861b, type: 3}
--- !u!4 &4119108817972360585 stripped
Transform:
  m_CorrespondingSourceObject: {fileID: 4064495275394158, guid: 08359538d5ddc2841a5e2aa95189861b,
    type: 3}
  m_PrefabInstance: {fileID: 4117542430331318759}
  m_PrefabAsset: {fileID: 0}
--- !u!1 &4116552170425505397 stripped
GameObject:
  m_CorrespondingSourceObject: {fileID: 1298957744236434, guid: 08359538d5ddc2841a5e2aa95189861b,
    type: 3}
  m_PrefabInstance: {fileID: 4117542430331318759}
  m_PrefabAsset: {fileID: 0}
--- !u!1001 &4117542430726072833
PrefabInstance:
  m_ObjectHideFlags: 0
  serializedVersion: 2
  m_Modification:
    m_TransformParent: {fileID: 4117542429509829761}
    m_Modifications:
    - target: {fileID: 1730402106657788, guid: c77eadb2f29149f4aadde1626938d6af, type: 3}
      propertyPath: m_Name
      value: SM_Buildings_WindowFrame_01
      objectReference: {fileID: 0}
    - target: {fileID: 4601537240420328, guid: c77eadb2f29149f4aadde1626938d6af, type: 3}
      propertyPath: m_LocalPosition.x
      value: 2.847
      objectReference: {fileID: 0}
    - target: {fileID: 4601537240420328, guid: c77eadb2f29149f4aadde1626938d6af, type: 3}
      propertyPath: m_LocalPosition.y
      value: 2.29
      objectReference: {fileID: 0}
    - target: {fileID: 4601537240420328, guid: c77eadb2f29149f4aadde1626938d6af, type: 3}
      propertyPath: m_LocalPosition.z
      value: 1.004
      objectReference: {fileID: 0}
    - target: {fileID: 4601537240420328, guid: c77eadb2f29149f4aadde1626938d6af, type: 3}
      propertyPath: m_LocalRotation.x
      value: 0
      objectReference: {fileID: 0}
    - target: {fileID: 4601537240420328, guid: c77eadb2f29149f4aadde1626938d6af, type: 3}
      propertyPath: m_LocalRotation.y
      value: -0
      objectReference: {fileID: 0}
    - target: {fileID: 4601537240420328, guid: c77eadb2f29149f4aadde1626938d6af, type: 3}
      propertyPath: m_LocalRotation.z
      value: -0
      objectReference: {fileID: 0}
    - target: {fileID: 4601537240420328, guid: c77eadb2f29149f4aadde1626938d6af, type: 3}
      propertyPath: m_LocalRotation.w
      value: 1
      objectReference: {fileID: 0}
    - target: {fileID: 4601537240420328, guid: c77eadb2f29149f4aadde1626938d6af, type: 3}
      propertyPath: m_RootOrder
      value: 1
      objectReference: {fileID: 0}
    - target: {fileID: 4601537240420328, guid: c77eadb2f29149f4aadde1626938d6af, type: 3}
      propertyPath: m_LocalEulerAnglesHint.x
      value: 0
      objectReference: {fileID: 0}
    - target: {fileID: 4601537240420328, guid: c77eadb2f29149f4aadde1626938d6af, type: 3}
      propertyPath: m_LocalEulerAnglesHint.y
      value: 0
      objectReference: {fileID: 0}
    - target: {fileID: 4601537240420328, guid: c77eadb2f29149f4aadde1626938d6af, type: 3}
      propertyPath: m_LocalEulerAnglesHint.z
      value: 0
      objectReference: {fileID: 0}
    - target: {fileID: 4601537240420328, guid: c77eadb2f29149f4aadde1626938d6af, type: 3}
      propertyPath: m_LocalScale.y
      value: 0.5
      objectReference: {fileID: 0}
    - target: {fileID: 4601537240420328, guid: c77eadb2f29149f4aadde1626938d6af, type: 3}
      propertyPath: m_LocalScale.z
      value: 0.5
      objectReference: {fileID: 0}
    m_RemovedComponents: []
  m_SourcePrefab: {fileID: 100100000, guid: c77eadb2f29149f4aadde1626938d6af, type: 3}
--- !u!4 &4121965826681365993 stripped
Transform:
  m_CorrespondingSourceObject: {fileID: 4601537240420328, guid: c77eadb2f29149f4aadde1626938d6af,
    type: 3}
  m_PrefabInstance: {fileID: 4117542430726072833}
  m_PrefabAsset: {fileID: 0}
